% references.bib
@article{author2021paper,
    author = {Author, A.},
    title = {Title of the Key Paper 1},
    journal = {Journal Name},
    year = {2021},
    volume = {10},
    number = {2},
    pages = {123-456},
}

@article{author2022paper,
    author = {Author, B.},
    title = {Title of the Key Paper 2},
    journal = {Journal Name},
    year = {2022},
    volume = {11},
    number = {3},
    pages = {789-1011},
}
